<?xml version="1.0" encoding="UTF-8"?><collection xmlns="http://www.loc.gov/MARC21/slim"><record><leader>00550nam--2200193-u-4500</leader><controlfield tag="001">000055197</controlfield><controlfield tag="002">20161230</controlfield><controlfield tag="005">20170204193714</controlfield><controlfield tag="008">121123s1000------------r-----000-0-rum-d</controlfield><datafield ind1=" " ind2=" " tag="040"><subfield code="a">9732706546</subfield></datafield><datafield ind1=" " ind2=" " tag="041"><subfield code="a">rum</subfield></datafield><datafield ind1=" " ind2=" " tag="080"><subfield code="a">925:53</subfield></datafield><datafield ind1="1" ind2=" " tag="100"><subfield code="a">Popescu, Ioan-Iovit</subfield></datafield><datafield ind1="1" ind2="0" tag="245"><subfield code="a">Premiile nobel pentru fizica (1901-1998)</subfield><subfield code="b">Prefata prof.dr. Ioan-Iovit Popescu</subfield><subfield code="c">Ioan-Iovit Popescu, Ion Dima</subfield></datafield><datafield ind1=" " ind2=" " tag="260"><subfield code="a">Bucuresti</subfield><subfield code="b">Editura Academiei Romane</subfield><subfield code="c">1998</subfield></datafield><datafield ind1=" " ind2=" " tag="300"><subfield code="a">442 p</subfield></datafield><datafield ind1="1" ind2=" " tag="700"><subfield code="a">Dima, Ion</subfield></datafield><datafield ind1=" " ind2=" " tag="852"><subfield code="a">81079</subfield><subfield code="c">925</subfield></datafield><datafield ind1=" " ind2=" " tag="CAT"><subfield code="a">SYS</subfield><subfield code="c">20170204</subfield><subfield code="h">193714</subfield></datafield></record></collection>